<record><leader>00000cas a22000007a 4500</leader><controlfield tag="001">9863414</controlfield><controlfield tag="008">830830d18791881ksuwr ne      0    0eng d</controlfield><controlfield tag="009">3789</controlfield><datafield ind1=" " ind2=" " tag="010"><subfield code="a">sn 83040470 </subfield></datafield><datafield ind1=" " ind2=" " tag="040"><subfield code="a">KSH</subfield><subfield code="b">eng</subfield><subfield code="c">KSH</subfield><subfield code="d">NPT</subfield></datafield><datafield ind1="1" ind2=" " tag="029"><subfield code="a">AU@</subfield><subfield code="b">000025797482</subfield></datafield><datafield ind1=" " ind2=" " tag="042"><subfield code="a">msc</subfield></datafield><datafield ind1=" " ind2=" " tag="043"><subfield code="a">n-us-ks</subfield></datafield><datafield ind1="0" ind2="4" tag="245"><subfield code="a">The New enterprise.</subfield></datafield><datafield ind1=" " ind2=" " tag="260"><subfield code="a">Douglass, Kan. :</subfield><subfield code="b">D.O. McCray,</subfield><subfield code="c">1879-1881.</subfield></datafield><datafield ind1=" " ind2=" " tag="300"><subfield code="a">2 v. ;</subfield><subfield code="c">55-65 cm.</subfield></datafield><datafield ind1=" " ind2=" " tag="310"><subfield code="a">Weekly</subfield></datafield><datafield ind1="0" ind2=" " tag="362"><subfield code="a">Vol. 1, no. 1 (Apr. 24, 1879)-v. 2, no. 40 (Jan. 27, 1881).</subfield></datafield><datafield ind1=" " ind2=" " tag="500"><subfield code="a">Published in Burden, Kan. Apr. 29, 1880-Jan. 27, 1881.</subfield></datafield><datafield ind1=" " ind2=" " tag="500"><subfield code="a">"Republican."</subfield></datafield><datafield ind1=" " ind2=" " tag="500"><subfield code="a">Published on Thursday.</subfield></datafield><datafield ind1=" " ind2=" " tag="530"><subfield code="a">Available on microfilm from Micro Photo.</subfield></datafield><datafield ind1=" " ind2=" " tag="500"><subfield code="a">Editor: D.O. McCray.</subfield></datafield><datafield ind1="1" ind2=" " tag="700"><subfield code="a">McCray, D. O.</subfield><subfield code="q">(David Owen)</subfield></datafield><datafield ind1=" " ind2=" " tag="752"><subfield code="a">United States</subfield><subfield code="b">Kansas</subfield><subfield code="c">Butler</subfield><subfield code="d">Douglass.</subfield></datafield><datafield ind1=" " ind2=" " tag="752"><subfield code="a">United States</subfield><subfield code="b">Kansas</subfield><subfield code="c">Cowley</subfield><subfield code="d">Burden.</subfield></datafield><datafield ind1="0" ind2="0" tag="785"><subfield code="t">Burden enterprise</subfield><subfield code="w">(DLC)sn 83040657</subfield></datafield></record>